@book{Old2003Paper,
    title={Robust method for road sign detection and recognition G. Piccioli},
    url={https://doi.org/10.1016/0262-8856(95)01057-2},
}
@book{ZhangsMainPaper,
    title={Zhang, J.; Huang, Q.; Wu, H.; Liu, Y.	A Shallow Network with Combined Pooling for Fast Traffic Sign Recognition. Information 2017, 8, 45.},
    url={http://www.mdpi.com/2078-2489/8/2/45/htm#B24-information-08-00045},
}
@book{Paper1,
    title={A Committee of Neural Networks for Traffic Sign Classification Dan CiresÂ¸an, Ueli Meier, Jonathan Masci and Jurgen Schmidhuber 2011},
    url={http://ieeexplore.ieee.org/stamp/stamp.jsp?tp=\\&arnumber=6033458},
}
@book{Paper2,
    title={A robust, coarse-to-fine traffic sign detection method  Gangyi Wang ;  Guanghui Ren ;  Zhilu Wu ;  Yaqin Zhao ;  Lihui Jiang 2013},
    url={http://ieeexplore.ieee.org/stamp/stamp.jsp?tp=\\&arnumber=6706812},
}
@book{Paper3,
    title={An Efficient Method for Traffic Sign Recognition Based on Extreme Learning Machine Zhiyong Huang, Yuanlong Yu, Jason Gu, and Huaping Liu},
    url={http://ieeexplore.ieee.org/stamp/stamp.jsp?tp=\\&arnumber=7433451},
}
@book{TeslaP100,
    title={Data regarding NVidia P100 GPU},
    url={http://www.nvidia.com/object/tesla-p100.html},
}
@book{Dropout_Paper,
    title={Dropout - A Simple Way to Prevent Neural Networks from
Overfitting },
    url={https://www.cs.toronto.edu/~hinton/absps/JMLRdropout.pdf},
}
@book{AlexNavoshtaGTSRB,
    title={Alex Staravoitau - Traffic signs classification with a convolutional network},
    url={https://navoshta.com/traffic-signs-classification/},
}
@book{CLAHE,
    title={Wikipedia - Adaptive Histogram Equalization},
    url={https://navoshta.com/traffic-signs-classification/},
}





